<record><leader>00000cas a2200000 a 4500</leader><controlfield tag="001">44732036</controlfield><controlfield tag="008">000807c20009999iludr ne      0   a0eng c</controlfield><datafield ind1=" " ind2=" " tag="010"><subfield code="a">sn 00061562 </subfield></datafield><datafield ind1=" " ind2=" " tag="040"><subfield code="a">NVF</subfield><subfield code="b">eng</subfield><subfield code="c">NVF</subfield><subfield code="d">NVF</subfield><subfield code="d">OCLCQ</subfield><subfield code="d">OCLCF</subfield><subfield code="d">OCLCO</subfield><subfield code="d">NVF</subfield><subfield code="d">OCLCO</subfield><subfield code="d">OCL</subfield></datafield><datafield ind1=" " ind2=" " tag="042"><subfield code="a">pcc</subfield></datafield><datafield ind1=" " ind2=" " tag="043"><subfield code="a">n-us-il</subfield></datafield><datafield ind1="0" ind2="0" tag="245"><subfield code="a">Madison County news-Democrat.</subfield></datafield><datafield ind1="1" ind2="7" tag="246"><subfield code="a">Belleville news-Democrat</subfield></datafield><datafield ind1="3" ind2=" " tag="246"><subfield code="a">Madison County news Democrat</subfield></datafield><datafield ind1="3" ind2=" " tag="246"><subfield code="a">Belleville news Democrat</subfield></datafield><datafield ind1=" " ind2=" " tag="260"><subfield code="a">Belleville, Ill. :</subfield><subfield code="b">Gary Berkley,</subfield><subfield code="c">2000-</subfield></datafield><datafield ind1=" " ind2=" " tag="300"><subfield code="a">v.</subfield></datafield><datafield ind1=" " ind2=" " tag="310"><subfield code="a">Daily</subfield></datafield><datafield ind1="0" ind2=" " tag="362"><subfield code="a">Vol. 125, no. 158 (June 6, 2000)-</subfield></datafield><datafield ind1=" " ind2=" " tag="500"><subfield code="a">"Serving Southwestern Illinois."</subfield></datafield><datafield ind1=" " ind2=" " tag="588"><subfield code="a">Latest issue consulted: Vol. 125, no. 211 (July 29, 2000).</subfield></datafield><datafield ind1=" " ind2="0" tag="651"><subfield code="a">Belleville (Ill.)</subfield><subfield code="v">Newspapers.</subfield></datafield><datafield ind1=" " ind2="0" tag="651"><subfield code="a">Madison County (Ill.)</subfield><subfield code="v">Newspapers.</subfield></datafield><datafield ind1=" " ind2="7" tag="651"><subfield code="a">Illinois</subfield><subfield code="z">Belleville</subfield><subfield code="2">fast</subfield><subfield code="0">(OCoLC)fst01202799</subfield></datafield><datafield ind1=" " ind2="7" tag="651"><subfield code="a">Illinois</subfield><subfield code="z">Madison County.</subfield><subfield code="2">fast</subfield><subfield code="0">(OCoLC)fst01209006</subfield></datafield><datafield ind1=" " ind2="7" tag="655"><subfield code="a">Newspapers.</subfield><subfield code="2">fast</subfield><subfield code="0">(OCoLC)fst01423814</subfield></datafield><datafield ind1=" " ind2=" " tag="752"><subfield code="a">United States</subfield><subfield code="b">Illinois</subfield><subfield code="c">Saint Clair</subfield><subfield code="d">Belleville.</subfield></datafield><datafield ind1="1" ind2=" " tag="775"><subfield code="t">Belleville news-Democrat (Belleville, Ill. : 1983)</subfield><subfield code="w">(DLC)sn 84007238</subfield><subfield code="w">(OCoLC)10125964</subfield></datafield><datafield ind1="0" ind2="0" tag="780"><subfield code="t">News-Democrat (Belleville, Ill. : Madison County ed.)</subfield><subfield code="w">(DLC)sn 00061561</subfield><subfield code="w">(OCoLC)44732023</subfield></datafield><datafield ind1="1" ind2=" " tag="029"><subfield code="a">AU@</subfield><subfield code="b">000021738389</subfield></datafield></record>